%Añadidos por mi
@MISC{salarioinfo,
  author = "InfoJobs",
  year = "2013",
  title = "{Salarios promedios {I}nfo{J}obs}",
  howpublished = "\url{http://plandecarrera.infojobs.net/}"
}

@MISC{python,
  author = "Python Software Foundation",
  year = "2013",
  title = "{Documentación oficial de {P}ython}",
  howpublished = "\url{http://www.python.org}"
}

@MISC{mageritv3,
author = "MAGERITV3",
title = "Ministerio de {H}acienda y {A}dministraciones {P}úblicas de {E}spaña",
note = "\\Método formal para investigar los riesgos que soportan los Sistemas de
          Información  y para recomendar las medidas apropiadas que deberían
          adoptarse para controlarlos",
year = "2012",
howpublished = "\url{http://administracionelectronica.gob.es/?_nfpb=true&_pageLabel=PAE_PG_CTT_General&langPae=es&iniciativa=magerit}"
}

@MISC{pep8,
  author = "Guido Van Rossum and Barry Warsaw",
  year = "2012",
  title = "{Style Guide for Python Code}",
  howpublished = "\url{http://www.python.org/dev/peps/pep-0008/}"
}

@MISC{djangobib,
author = "Django Foundation",
title = "Documentación oficial de {D}jango",
year = "2013",
howpublished = "\url{https://www.djangoproject.com/}"
}

@MISC{schema,
  author = "Google-Microsoft-Yahoo!",
  year = "2012",
  title = "{Schema}",
  howpublished = "\url{http://schema.org/}"
}

@MISC{rdfa,
  author = "W3C - RDFa",
  year = "2013",
  title = "{RDFa}",
  howpublished = "\url{http://www.w3.org/TR/rdfa-syntax/}"
}

@MISC{rdfdoc,
  author = "W3C - RDF",
  year = "2004",
  title = "{RDF}",
  howpublished = "\url{http://www.w3.org/TR/rdf-primer/}"
}

@MISC{RDFS,
  author = "W3C - RDFS",
  year = "2004",
  title = "{RDFS}",
  howpublished = "\url{http://www.w3.org/TR/rdf-schema/}"
}

@MISC{OWL,
  author = "W3C - OWL",
  year = "2004",
  title = "{OWL}",
  howpublished = "\url{http://www.w3.org/TR/owl-ref/}"
}

@MISC{Microdata,
  author = "W3C - Microdata",
  year = "2013",
  title = "{Microdata}",
  howpublished = "\url{http://www.w3.org/TR/microdata/}"
}

@MISC{foaf,
  author = "Project FOAF",
  year = "2010",
  title = "{FOAF}",
  howpublished = "\url{http://www.foaf-project.org/}"
}

@MISC{GoodRelations,
  author = "Martin Hepp",
  year = "2012",
  title = "{Good Relations}",
  howpublished = "\url{http://www.heppnetz.de/projects/goodrelations/}"
}

@book{sparql,
  author = {Bob DuCharme},
  year = {2011},
  title = {Learning SPARQL},
  publisher = {O'Reilly}
}

@MISC{LinkedDataBook,
  author = "Tom Heath and Christian Bizer",
  year = "2011",
  title = "{LinkedDataBook}",
  howpublished = "\url{http://linkeddatabook.com/editions/1.0/}"
}

@MISC{Bootstrap,
  author = "Twitter",
  year = "2013",
  title = "{Bootstrap V3}",
  howpublished = "\url{http://getbootstrap.com/}"
}

@MISC{jQuery,
  author = "jQuery",
  year = "2013",
  title = "{Documentación oficial jQuery}",
  howpublished = "\url{http://api.jquery.com/}"
}

@MISC{d2rq,
  author = "Freie Universität Berlin",
  year = "2013",
  title = "{Documentación oficial D2Rq}",
  howpublished = "\url{http://d2rq.org/}"
}
